<record><leader>00000cas a22000007a 4500</leader><controlfield tag="001">20612572</controlfield><controlfield tag="008">891108c19819999pauwr ne      0    0eng d</controlfield><datafield ind1=" " ind2=" " tag="010"><subfield code="a">sn 90069005 </subfield></datafield><datafield ind1=" " ind2=" " tag="040"><subfield code="a">NPH</subfield><subfield code="b">eng</subfield><subfield code="c">NPH</subfield><subfield code="d">OCLCQ</subfield></datafield><datafield ind1=" " ind2=" " tag="042"><subfield code="a">msc</subfield></datafield><datafield ind1="0" ind2=" " tag="130"><subfield code="a">Yardley news (Yardley, Pa. : 1981)</subfield></datafield><datafield ind1="1" ind2="0" tag="245"><subfield code="a">Yardley news.</subfield></datafield><datafield ind1=" " ind2=" " tag="260"><subfield code="a">Yardley, Pa. :</subfield><subfield code="b">Inter County Newspapers Group,</subfield><subfield code="c">1981-</subfield></datafield><datafield ind1=" " ind2=" " tag="300"><subfield code="a">v. :</subfield><subfield code="b">ill. ;</subfield><subfield code="c">43 cm.</subfield></datafield><datafield ind1=" " ind2=" " tag="310"><subfield code="a">Weekly</subfield></datafield><datafield ind1="0" ind2=" " tag="362"><subfield code="a">33rd yr., no. 38 (Sept. 17, 1981)-</subfield></datafield><datafield ind1=" " ind2=" " tag="752"><subfield code="a">United States</subfield><subfield code="b">Pennsylvania</subfield><subfield code="c">Bucks</subfield><subfield code="d">Yardley.</subfield></datafield><datafield ind1="0" ind2="0" tag="780"><subfield code="t">Bucks County news. Yardley news.</subfield><subfield code="w">(DLC)sn 90069004</subfield></datafield></record>